%1
@misc{ AvotmV,
   title	= "{Avot mV}",
   key          = "AvotmV",
   howpublished	= {\url{http://www.avotmedia.com/}}
}

%2
@misc{ Accessmonkey,
   title	= "{Accessmonkey: a collaborative scripting framework for web users and developers.}",
   key          = "Accessmonkey",
   author	= "{Bigham, J. P., and Ladner, R. E}"
  }

Bigham, J. P., and Ladner, R. E. Accessmonkey: a collaborative scripting framework for web users and developers.  
In W4A '07, ACM Press, pp. 25?34, 2007.  
[3] Bolin, M., Webber, M., Rha, P., Wilson, T. and Miller, R.C. Automation and customization of rendered web pages,  
Proceedings of the 18th annual ACM symposium on User interface software and technology, October 23?26,  
2005.  
[4] CMU?Sphinx Speech Recognition Engine, http://cmusphinx.sourceforge.net/html/cmusphinx.php  
[5] Greasemonkey, https://addons.mozilla.org/en?US/firefox/addon/748   
[6] Joost, http://www.joost.com/   
[7] Microsoft Windows Vista Speech Recognition system  
http://www.microsoft.com/enable/products/windowsvista/speech.aspx  
[8] Mogulus, http://www.mogulus.com/  
[9] Mouless Brorsing, https://addons.mozilla.org/en?US/firefox/addon/879c  
[10] Mouse Gestures, https://addons.mozilla.org/en?US/firefox/addon/39   
[11] Open Computer Vision libraries, http://sourceforge.net/projects/opencvlibrary/    
[12] Petrie, H., Hamilton, F. and King, N. Tension, what tension? Website accessibility and visual design. Proceedings  
of the 2004 international cross?disciplinaryworkshop on Web accessibility (W4A), pp. 13?18, 2004.   
[13] Richards, J. and Hanson, V. Web accessibility: a broader view. Proceedings of the 13th international conference  
on World Wide Web, pp. 72?79, 2004.  
[14] StartForce, http://www.startforce.com/OS/   
[15] YouOS, https://www.youos.com/  
[16] WATSON: Real?time Head Tracking and Gesture Recognition, http://projects.ict.usc.edu/vision/watson/ 


@misc{ liblicense,
   title	= "{Creative Commons LibLicense}",
   key          = "liblicense",
   howpublished	= {\url{http://wiki.creativecommons.org/Liblicense}}, 
   year		= {2008}
}

%%%%%%%%%%%%%%%%%%

@article{ berners08n3,
   author	= "{Tim Berners-Lee and Dan Connolly and Lalana Kagal and Jim Hendler and Yosi Scharf}",
   title	= "{N3Logic: A Logical Framework for the World Wide Web}",
   journal	= "Journal of Theory and Practice of Logic Programming (TPLP), Special Issue on Logic Programming and the Web",
   url		= {\url{http://arxiv.org/abs/0711.1533}},
   year		= {2008}
}

@article{ lkagal08ieee,
   author	= "{Lalana Kagal and Chris Hanson and Daniel Weitzner}",
   title	= "{Using Dependency Tracking to Provide Explanations for Policy Management}",
   journal	= "IEEE Policy",
   url		= {\url{http://dig.csail.mit.edu/2008/Papers/IEEE Policy/air-overview.pdf}},
   year		= {2008}
}

@inproceedings{ berners06tabulator,
   author	= "{Tim Berners-Lee and Y. Chen and L. Chilton and D. Connolly and R. Dhanaraj and J. Hollenbach and A. Lerer and D. Sheets}",
   booktitle	= "{SWUI06 Workshop at ISWC06}", 
   title	= "{Tabulator: Exploring and Analyzing linked data on the Semantic Web}", 
   year		= {2006}
}

@inproceedings{ berners08tabulatorold,
   author	= "{Tim Berners-Lee and J. Hollenbach and Kanghao Lu and J Presbrey and E Prud'ommeaux and mc schraefel}",
   title	= "{Tabulator Redux: Browing and Writing Linked Data }", 
   booktitle	= "{Linked Data on the Web Workshop at WWW08}", 
   year		= {2008}
}

@inproceedings{ berners08tabulator,
   title	= "{Tabulator Redux: Browing and Writing Linked Data }", 
   booktitle	= "{Linked Data on the Web Workshop at WWW08}", 
   year		= {2008},
   author	= "{Tim Berners-Lee}"
}

@misc{ foaf,
   title	= "{Friend of A Friend (FOAF)}",
   key          = "FOAF",
   howpublished	= {\url{http://xmlns.com/foaf/0.1/}}, 
   year		= {2007}
}

@misc{ tami,
   title	= "{Transparent Accountable Data Mining Initiative}",
   key          = "TAMI",
   howpublished	= {\url{http://dig.csail.mit.edu/TAMI/}}, 
   year		= {2005 to 2008}
}

@misc{ s9,
   title	= "{Scenario 9 details}",
   key          = "S9",
   howpublished	= {\url{http://dig.csail.mit.edu/TAMI/2007/s9/}}, 
   year		= {2006 to 2007}
}

@misc { air,
   title        = "{AIR Policy Language}",
   author       = {Chris Hanson and Lalana Kagal and Joesph Scharf},
   howpublished = {\url{http://dig.csail.mit.edu/TAMI/2007/amord/air-specs.html}},
   year         = {2007}
}

@misc { kkw,
   title        = "{Accountability Appliances: What Lawyers Expect to See}",
   author       = {K  Waterman},
   howpublished = {\url{http://dig.csail.mit.edu/breadcrumbs/node/225}},
   year         = {2008}
}

@misc { tabonline,
   title        = "{Online Version of Tabulator}",
   author       = {Tim Berners-Lee},
   howpublished = {\url{http://dig.csail.mit.edu/2005/ajar/ajaw/}},
   year         = {2005}
}

@misc { tabext,
   title        = "{Firefox Extension for the Tabulator}",
   author       = {Tim Berners-Lee},
   howpublished = {\url{http://dig.csail.mit.edu/2007/tab/}},
   year         = {2007}
}


@misc{ owl,
  title 	= "{OWL Web Ontology Language Reference, W3C Recommendation}",
  key           = "OWL",
  howpublished 	= {http://www.w3.org/TR/owl-ref/},
  month		= "February",
  year 		= {2004},
  author 	= {Sean Bechhofer and  Frank van Harmelen and Jim Hendler and Ian Horrocks and Deborah L. McGuinness and Peter F. Patel-Schneider and Lynn Andrea Stein}
}

@inproceedings{ mspace,
  title 	= "{mSpace: Applying mspace interfaces to the Semantic Web}",
  key           = "mspace",
  howpublished 	= {http://triplestore.aktors.org/tmp/mspace-model.pdf},
  booktitle	= "{World Wide Web Conference, 2004}", 
  year 		= {2004},
  author 	= { N Gibbins and S Harris and  mc schraefel}
}

@inproceedings{ csaktive,
  title 	= "{CS AKTive Space, or How We Learned to Stop Worrying and Love the Semantic Web}",
  key           = "CS AKTIVE",
  howpublished 	= {http://doi.ieeecomputersociety.org/10.1109/MIS.2004.8},
  booktitle	= "{IEEE INTELLIGENT SYSTEMS, 2004}", 
  year 		= {2004},
  author 	= {N Shadbolt and N Gibbins and H Glaser and S Harris}
}

@misc{openlink,
  title 	= "{Open Link Software's Data Browser}",
  key           = "openlink",
  howpublished 	= {http://ode.openlinksw.com/},
  year 		= {2005},
  author 	= {Kingsley Idehan}
}

@misc{disco,
  title 	= "{Disco}",
  key           = "disco",
  howpublished 	= {http://www4.wiwiss.fu-berlin.de/bizer/ng4j/disco/},
  year 		= {2007},
  author 	= {Chris Bizer and Tobias Gaub}
}

@misc{ rdfs,
  title = "{RDF Vocabulary Description Language 1.0: RDF Schema}",
  key = "RDFS",
  howpublished = {http://www.w3.org/TR/rdf-schema/},
  month = "February",
  year = {2004},
  author = {Dan Brickley and R.V. Guha}
}

@inproceedings{ kapadia04know,
   author	= "{A. Kapadia and G. Sampemane and R. H. Campbell}",
   title	= "{Know why your access was denied: regulating feedback for usable security}",
   booktitle	= "{11th ACM conference on Computer and Communications Security}", 
   pages 	= "52-61", 
   year		= {2004}
}

@inproceedings{ chalupsky02whynot,
   author 	= "H. Chalupsky and T. Russ",
   title 	= "WhyNot: Debugging Failed Queries in Large Knowledge Bases",
   booktitle	= "Fourteenth Innovative Applications of Artificial Intelligence Conference (IAAI-02)", 
   pages 	= "870-877",
   year		= {2002}
}

@article{ mcguinness04iw,
   author = {Mcguinness, Deborah  L.  and Pinheiro, Paulo},
   doi = {10.1016/j.websem.2004.06.002},
   journal = {Web Semantics: Science, Services and Agents on the World Wide Web},
   month = {October},
   number = {4},
   pages = {397--413},
   title = "{Explaining Answers from the Semantic Web: the Inference Web Approach}",
   url = {http://dx.doi.org/10.1016/j.websem.2004.06.002},
   volume = {1},
   year = {2004}
}


@inproceedings{ bonatti06advanced,
   title	= "{Advanced Policy Explanations on the Web}",
   author	= "Piero A. Bonatti and Daniel Olmedilla and Joachim Peer",
   booktitle	= "{European Conference on Artificial Intelligence (ECAI)}",
   year		= {2006}
}

@inproceedings{ barth06privacy,
     title      = "{Privacy and Contextual Integrity: Framework and Applications}",
     author     = {A. Barth and A. Datta and J.C. Mitchell and H. Nissenbaum},
     booktitle  = {IEEE Symposium on Security and Privacy},
     month      = "May",
     year       = {2006}
}

@inproceedings{ kagal06aaai,
    author = "Lalana Kagal and Tim Berners-Lee and Dan Connolly and Daniel Weitzner",
    title = "{Using Semantic Web Technologies for Policy Management on the Web}",
    booktitle = "21st National Conference on Artificial Intelligence (AAAI 2006)",
    year = {2006}
}

@misc{ w3cpling,
   title        = "{PLING - W3C Policy Languages Interest Group}",
   howpublished = {\url{http://www.w3.org/Policy/pling/}}
}

@misc{ klyne04rdf,
   title = "{Resource Description Framework (RDF): Concepts and Abstract Syntax, W3C Recommendation 10 February 2004}",
   author = {Graham Klyne and Jeremy J. Carroll},
   year = {2004},
   howpublished = { \url{http://www.w3.org/TR/rdf-concepts/} }
}
